@misc{web:jclec,
    author = {Ventura, Sebastián and Romero, Cristóbal and Zafra, Amelia and Delgado, Jose Antonio and Hervás, César},
    year = "2008",
    title = "{JCLEC} - Java Class Library for Evolutionary Computation",
    url = "http://jclec.sourceforge.net/",
    institution = "University of Cordoba"
}
